@article{fermi,
 author = {NVIDIA},
 title = {NVIDIA GF100 Whitepaper},
 journal = {http://www.nvidia.com/object/}
 year={2015},
}
@article{speedup,
 author = {NVIDIA},
 title = {CUDA zone},
 journal = {http://www.nvidia.com/object/cuda-home-new.html}
 year={2015},
}
@article{GFLOPS,
 author = {NVIDIA},
 title = {GPU v.s. CPU performance Scaling in terms of GFLOPS},
 journal = {http://www.pcper.com/image/view/38819}
 year={2015},
}

@article{profile,
 author = {AMD},
 title = {CodeXL - Powerful Debugging, Profiling and Analysis},
 journal = {http://developer.amd.com/tools-and-sdks/opencl-zone/codexl/}
 year={2015},
}

@article{kepler,
 author = {NVIDIA},
 title = {NVIDIA Kepler Architecture},
 journal = {http://www.nvidia.com/object/nvidia-kepler.html}
 year={2015},
}
@article{maxwell,
 author = {NVIDIA},
 title = {NVIDIA Maxwell Architecture},
 journal = {https://developer.nvidia.com/maxwell-compute-architecture}
 year={2015},
}

@inproceedings{andersson2010assigning,
  title={Assigning real-time tasks on heterogeneous multiprocessors with two unrelated types of processors},
  author={Andersson, Bj{\"o}rn and Raravi, Gurulingesh and Bletsas, Konstantinos},
  booktitle={Proceedings of the 31st IEEE Real-Time Systems Symposium},
  pages={239--248},
  year={2010},
  organization={IEEE}
}

@article{raravi2013assigning,
  title={Assigning real-time tasks on heterogeneous multiprocessors with two unrelated types of processors},
  author={Raravi, Gurulingesh and Andersson, Bj{\"o}rn and Bletsas, Konstantinos},
  journal={Real-Time Systems},
  volume={49},
  number={1},
  pages={29--72},
  year={2013},
  publisher={Springer}
}

@inproceedings{niemeier2011partitioned,
  title={Partitioned real-time scheduling on heterogeneous shared-memory multiprocessors},
  author={Niemeier, Martin and Wiese, Andreas and Baruah, Sanjoy},
  booktitle={Real-Time Systems (ECRTS), 2011 23rd Euromicro Conference on},
  pages={115--124},
  year={2011},
  organization={IEEE}
}

@article{raravi2014task,
  title={Task assignment algorithms for two-type heterogeneous multiprocessors},
  author={Raravi, Gurulingesh and Andersson, Bj{\"o}rn and N{\'e}lis, Vincent and Bletsas, Konstantinos},
  journal={Real-Time Systems},
  volume={50},
  number={1},
  pages={87--141},
  year={2014},
  publisher={Springer}
}

@article{kuang2007evaluating,
  title={Evaluating HDR rendering algorithms},
  author={Kuang, Jiangtao and Yamaguchi, Hiroshi and Liu, Changmeng and Johnson, Garrett M and Fairchild, Mark D},
  journal={ACM Transactions on Applied Perception},
  volume={4},
  number={2},
  pages={9},
  year={2007},
  publisher={ACM}
}

@InProceedings{bastoni2010,
 author = {A. Bastoni and B. Brandenburg and J. Anderson},
 title = {Mixed Pfair/ERfair scheduling of asynchronous periodic tasks},
 booktitle = {Proceedings of the 31st IEEE Real-Time Systems Symposium},
 year = {pages 14-24, 2010},
 isbn = {},
 pages = {},
 doi = {},
 publisher = {},
 address = {},
 } 

@article{cuda40,
  title={CUDA 4.0.},
  author={NVIDIA},
  journal = {https://developer.nvidia.com/cuda-toolkit-40},
  year={2011}
}

@article{nouveau,
  title={Nouveau Open-Source Driver},
  author={FREEDESKTOP},
  journal = {http://nouveau.freedesktop.org}
}

@article{envytools,
  title={Envytools -- tools for people envious of nvidia's blob driver},
  journal={https://github.com/envytools/envytools},
}

@article{asfermi,
  title={AsFermi: An assembler for the NVIDIA fermi instruction set},
  author={Hou, Yunqing and Lai, J and Mikushin, D},
  journal={http://code.google.com/p/asfermi},
  year={2011}
}


@inproceedings{rgem,
  title={RGEM: A responsive GPGPU execution model for runtime engines},
  author={Kato, Shinpei and Lakshmanan, Karthik and Kumar, Aman and Kelkar, Mihir and Ishikawa, Yutaka and Rajkumar, Ragunathan},
  booktitle={Proceedings of the 32nd Real-Time Systems Symposium},
  pages={57--66},
  year={2011},
  organization={IEEE}
}

@inproceedings{preemptionoverhead,
  title={Supporting preemptive task executions and memory copies in gpgpus},
  author={Basaran, Can and Kang, Kyoung-Don},
  booktitle={Proceedings of the 24th Euromicro Conference on Real-Time Systems (ECRTS)},
  pages={287--296},
  year={2012},
  organization={IEEE}
}

@article{nvidiacuda,
  title={Compute unified device architecture programming guide},
  author={NVIDIA}
}

@article{gtx770,
  title={NVIDIA GeForce GTX 770},
  author={http://www.geforce.com/hardware/desktop-gpus/geforce-gtx-770},
  year={2014}
}


@inproceedings{gdev,
  title={Gdev: First-Class GPU Resource Management in the Operating System.},
  author={Kato, Shinpei and McThrow, Michael and Maltzahn, Carlos and Brandt, Scott A},
  booktitle={USENIX Annual Technical Conference},
  year={2012}
}

@inproceedings{rodinia,
  title={Rodinia: A benchmark suite for heterogeneous computing},
  author={Che, Shuai and Boyer, Michael and Meng, Jiayuan and Tarjan, David and Sheaffer, Jeremy W and Lee, Sang-Ha and Skadron, Kevin},
  booktitle={Proceedings of International Symposium on Workload Characterization},
  pages={44--54},
  year={2009},
  organization={IEEE}
}

@inproceedings{kenna2011soft,
  title={Soft real-time on multiprocessors: Are analysis-based schedulers really worth it?},
  author={Kenna, Christopher J and Herman, Jonathan L and Brandenburg, Bj{\"o}rn B and Mills, Alex F and Anderson, James H},
  booktitle={Proceedings of the 32nd Real-Time Systems Symposium},
  pages={93--103},
  year={2011},
  organization={IEEE}
}

@inproceedings{opencuda,
  title={Implementing Open-Source CUDA Runtime},
  author={Kato, Shinpei},
  booktitle={Proceedings of the 54the Programming Symposium},
  year={2013}
}


@inproceedings{dataoverhead,
  title={Data transfer matters for GPU computing},
  author={Fujii, Yusuke and Azumi, Takuya and Nishio, Nobuhiko and Kato, Shinpei and Edahiro, Masato},
  booktitle={Proceedings of International Conference on Parallel and Distributed Systems (ICPADS)},
  pages={275--282},
  year={2013},
  organization={IEEE}
}



@inproceedings{elastic,
  title={Improving GPGPU concurrency with elastic kernels},
  author={Pai, Sreepathi and Thazhuthaveetil, Matthew J and Govindarajan, R},
  booktitle={Proceedings of ACM SIGPLAN},
  pages={407--418},
  year={2013},
  organization={ACM}
}

@inproceedings{gdm,
 author = {Wang, Kaibo and Ding, Xiaoning and Lee, Rubao and Kato, Shinpei and Zhang, Xiaodong},
 title = {GDM: Device Memory Management for Gpgpu Computing},
 booktitle = {Proceedings of 2014 ACM International Conference on Measurement and Modeling of Computer Systems},
 year = {2014},
 pages = {533--545},
 publisher = {ACM}
} 


@inproceedings{packetshader,
  title={PacketShader: a GPU-accelerated software router},
  author={Han, Sangjin and Jang, Keon and Park, KyoungSoo and Moon, Sue},
  booktitle={Proceedings of ACM SIGCOMM},
  pages={195--206},
  year={2011},
  publisher={ACM}
}

@inproceedings{kim2013segment,
  title={Segment-Fixed Priority Scheduling for Self-Suspending Real-Time Tasks},
  author={Kim, Junsung and Andersson, Bjorn and Niz, Dionisio de and Rajkumar, Ragunathan Raj},
  booktitle={Proceedings of the 34th Real-Time Systems Symposium},
  pages={246--257},
  year={2013},
  organization={IEEE}
}

@inproceedings{yukiobject,
  title={Connected Smartphones and High-Performance Servers for Remote Object Detection},
  author={Iida, Yuki and Hirabayashi, Manato and Azumi, Takuya and Nishio, Nobuhiko and Kato, Shinpei},
  booktitle={Proceedings of the 2nd International Conference on Cyber-Physical Systems, Networks, and Applications},
  year={2011},
  organization={IEEE}
}


@manual{starpu:man,
 author = {National institute for research in computer science and control},
 title = {How To Optimize Performance With StarPU},
 url = {http://runtime.bordeaux.inria.fr/StarPU/doc/html/HowToOptimizePerformanceWithStarPU.html},
 year = {2008}
}


@manual{opencl,
 author = {Khronos OpenCL Working Group},
 title = {OpenCL-The open standard for parallel programming of heterogeneous systems},
 url = {https://www.khronos.org/opencl/},
 year = {2008}
}
@inproceedings{skmd,
author = {Lee, Janghaeng and Samadi, Mehrzad and Park, Yongjun and Mahlke, Scott},
title = {Transparent CPU-GPU Collaboration for Data-parallel Kernels on Heterogeneous Systems},
booktitle = {Proceedings of the 22nd International Conference on Parallel Architectures and Compilation Techniques},
year = {2013},
pages = {245--256},
publisher = {IEEE}
} 

@inproceedings{timegraph,
  title={TimeGraph: GPU scheduling for real-time multi-tasking environments},
  author={Kato, Shinpei and Lakshmanan, Karthik and Rajkumar, Ragunathan Raj and Ishikawa, Yutaka},
  booktitle={2011 USENIX Annual Technical Conference},
  pages={17 - 28},
  year={2011},
  publisher = {USENIX Association}
}

@inproceedings{ptask,
  title={PTask: Operating system abstractions to manage GPUs as compute devices},
  author={Rossbach, Christopher J and Currey, Jon and Silberstein, Mark and Ray, Baishakhi and Witchel, Emmett},
  booktitle={Proceedings of the 23rd ACM Symposium on Operating Systems Principles},
  pages={233--248},
  year={2011}
}


@InProceedings{qilin,
 author = {Chikeung Luk and Sunpyo Hong and Hyesoon Kim},
 title = "{Qilin: Exploiting parallelism on heterogeneous multiprocessors with adaptive mapping}",
 booktitle = {Proceedings of the 42nd International Symp. on Microarchitecture},
 year = {pp. 45-55, 2009},
 isbn = {},
 pp. = {},
 doi = {},
 publisher = {},
 address = {}
 }
 
@inproceedings{betts2013estimating,
  title={Estimating the WCET of GPU-accelerated applications using hybrid analysis},
  author={Betts, Adam and Donaldson, Alastair},
  booktitle={Proceedings of the 25th Euromicro Conference on Real-Time Systems},
  pages={193--202},
  year={2013},
  organization={IEEE}
} 

@inproceedings{hirvisalo2014static,
  title={On Static Timing Analysis of GPU Kernels},
  author={Hirvisalo, Vesa and Falk, Heiko},
  booktitle={14th International Workshop on Worst-Case Execution Time Analysis},
  volume={39},
  pages={43--52},
  year={2014}
}

@inproceedings{berezovskyi2014wcet,
  title={WCET Measurement-based and Extreme Value Theory Characterisation of CUDA Kernels},
  author={Berezovskyi, Kostiantyn and Santinelli, Luca and Bletsas, Konstantinos and Tovar, Eduardo},
  booktitle={Proceedings of the 22nd International Conference on Real-Time Networks and Systems},
  pages={279},
  year={2014},
  organization={ACM}
}
 
 @InProceedings{starpu,
 author = {C. Augonnet and J. Clet-Ortega and S. Thibault and R. Namyst},
 title = "{Data-aware task scheduling on multi-accelerator based platforms}",
 booktitle = {Proceedings of the 16th international conference on parallel and distributed systems},
 year = {2010}
}
 
 
 

@inproceedings{GPES,
  title="{GPES: A Preemptive Execution System for GPGPU Computing}",
  author={H. Zhou and G. Tong and C. Liu},
  booktitle={Proceedings of the IEEE Real-Time Technology and Applications Symposium},
  pages={},
  year={to appear, 2015},
  organization={}
}

@inproceedings{WeiICNP14,
  title={On Exploiting Dynamic Execution Patterns for Workload Offloading in Mobile Cloud Applications},
  author={W. Gao and Y. Liu and H. Lu and T. Wang and C. Liu},
  booktitle={Proceedings of the 22nd IEEE International Conference on Network Protocols},
  pages={34 - 43},
  year={2014},
  organization={}
}


%%%%%%%%%%%%%%
%*STEM education*

@article{stem1,
  title={America's children: Providing early exposure to stem (science, technology, engineering and math) initiatives},
  author={DeJarnette, N.},
  journal={Education},
  volume={133},
  number={1},
  pages={77--84},
  year={2012},
  publisher={Project Innovation}
}

@article{stem2,
  title={Science, technology, engineering, and mathematics (stem) education: Background, federal policy, and legislative action},
  author={Kuenzi, J.},
  journal={},
  volume={},
  number={},
  pages={},
  year={2008}
}


%%%%%%%%%%%%%%
%*cloudlet*

%real time real-world applications

@inproceedings{bradski1998real,
  title={Real time face and object tracking as a component of a perceptual user interface},
  author={Bradski, G.},
  booktitle={Proceedings of the 4th IEEE Workshop on Applications of Computer Vision},
  pages={214--219},
  year={1998},
  organization={}
}

@inproceedings{verbelen2012cloudlets,
  title={Cloudlets: Bringing the cloud to the mobile user},
  author={Verbelen, T. and Simoens, P. and De Turck, F. and Dhoedt, B.},
  booktitle={Proceedings of the third ACM workshop on Mobile cloud computing and services},
  pages={29--36},
  year={2012},
  organization={ACM}
}

%Android

@article{matos2010building,
  title={Building applications for the Android OS mobile platform: a primer and course materials},
  author={Matos, V. and Grasser, R.},
  journal={Journal of Computing Sciences in Colleges},
  volume={26},
  number={1},
  pages={23--29},
  year={2010},
  publisher={Consortium for Computing Sciences in Colleges}
}

%%%%%%%%%%%%%%
%*problistic framework*

@article{davis2011survey,
  title={A survey of hard real-time scheduling for multiprocessor systems},
  author={Davis, R. and Burns, A.},
  journal={ACM Computing Surveys},
  volume={43},
  number={4},
  pages={35},
  year={2011},
  publisher={ }
}

@inproceedings{tia1995probabilistic,
  title={Probabilistic performance guarantee for real-time tasks with varying computation times},
  author={Tia, T. and Deng, Z. and Shankar, M. and Storch, M. and Sun, J. and Wu, L. and Liu, J.},
  booktitle={Proceedings of the IEEE Real-Time Technology and Applications Symposium},
  pages={164 -173},
  year={1995},
  organization={}
}
@book{burns1999probabilistic,
  title={Probabilistic scheduling guarantees for fault-tolerant real-time systems},
  author={Burns, A. and Punnekkat, S. and Strigini, L. and Wright, D.},
  year={1999},
  publisher={}
}


@PhdThesis{gardner1999probabilistic,
itle={Probabilistic analysis and scheduling of critical soft real-time systems},
  author={Gardner, M.},
  school = {University of Illinois at Urbana-Champaign},
year = {1999}
}


@inproceedings{abeni1999qos,
  title={QoS guarantee using probabilistic deadlines},
  author={Abeni, L. and Buttazzo, G.},
  booktitle={Proceedings of the 11th Euromicro Conference on Real-Time Systems},
  pages={242--249},
  year={1999},
  organization={}
}
@inproceedings{mills2010stochastic,
  title={A stochastic framework for multiprocessor soft real-time scheduling},
  author={Mills, A. and Anderson, J.},
  booktitle={Proceedings of the IEEE Real-Time and Embedded Technology and Applications Symposium},
  pages={311--320},
  year={2010},
  organization={}
}
@inproceedings{mills2011multiprocessor,
  title={A multiprocessor server-based scheduler for soft real-time tasks with stochastic execution demand},
  author={Mills, A. and Anderson, J.},
  booktitle={Proceedings of the IEEE 17th International Conference on Embedded and Real-Time Computing Systems and Applications},
  volume={1},
  pages={207--217},
  year={2011},
  organization={}
}


%%%%%%%%%%%%%%
%*server base scheme* 

@inproceedings{lin2005improving,
  title={Improving soft real-time performance through better slack reclaiming},
  author={Lin, C. and Brandt, S.},
  booktitle={Proceedings of the 26th IEEE Real-Time Systems Symposium},
  pages={410--421},
  year={2005},
  organization={}
}
@article{abeni2004resource,
  title={Resource reservation in dynamic real-time systems},
  author={Abeni, L. and Buttazzo, G.},
  journal={Real-Time Systems},
  volume={27},
  number={2},
  pages={123--167},
  year={2004},
  publisher={Springer}
}
@article{caccamo2002handling,
  title={Handling execution overruns in hard real-time control systems},
  author={Caccamo, M. and Buttazzo, G. and Sha, L.},
  journal={IEEE Transactions on Computers},
  volume={51},
  number={7},
  pages={835--849},
  year={2002},
  publisher={}
}
 
@article{li2007chronos,
  title={Chronos: A timing analyzer for embedded software},
  author={Li, X. and Liang, Y. and Mitra, T. and Roychoudhury, A.},
  journal={Science of Computer Programming},
  volume={69},
  number={1},
  pages={56--67},
  year={2007},
  publisher={Elsevier}
}
@inproceedings{erickson2012soft,
  title={Soft Real-Time Scheduling in Google Earth},
  author={Erickson, J. and Coombe, G. and Anderson, J.},
  booktitle={Proceedings of the 18th IEEE Real-Time and Embedded Technology and Applications Symposium},
  pages={141--150},
  year={2012},
  organization={}
}
@article{wilhelm2008worst,
  title={The worst-case execution-time problem---overview of methods and survey of tools},
  author={Wilhelm, R. and Engblom, J. and Ermedahl, A. and Holsti, N. and Thesing, S. and Whalley, D. and Bernat, G. and Ferdinand, C. and Heckmann, R. and Mitra, T. and Mueller, F. and Puaut, I. and Puschner, P. and Staschulat, J. and Stenstrom, P.},
  journal={ACM Transactions on Embedded Computing Systems},
  volume={7},
  number={3},
  pages={36},
  year={2008},
  publisher={ }
}


 @PhdThesis{wilhelm2012symbolic,
title={Symbolic representations in WCET analysis},
  author={Wilhelm, S.},
  school = {Saarland University},
year = {2012}
}

@inproceedings{yuan2003energy,
  title={Energy-efficient soft real-time CPU scheduling for mobile multimedia systems},
  author={Yuan, W. and Nahrstedt, K.},
  booktitle={ACM SIGOPS Operating Systems Review},
  volume={37},
  number={5},
  pages={149--163},
  year={2003},
  organization={ }
} 
 
@inproceedings{zhu2011response,
  title={Response time analysis of hierarchical scheduling: The synchronized deferrable servers approach},
  author={Zhu, H. and Goddard, S. and Dwyer, M.},
  booktitle={Proceedings of the 32nd IEEE Real-Time Systems Symposium},
  pages={239--248},
  year={2011},
  organization={}
}
@inproceedings{davis2005hierarchical,
  title={Hierarchical fixed priority pre-emptive scheduling},
  author={Davis, R. and Burns, A.},
  booktitle={Proceedings of the 26th IEEE Real-Time Systems Symposium},
  pages={10--pp},
  year={2005},
  organization={}
}
@article{strosnider1995deferrable,
  title={The deferrable server algorithm for enhanced aperiodic responsiveness in hard real-time environments},
  author={Strosnider, J. and Lehoczky, J. and Sha, L.},
  journal={IEEE Transactions on Computers},
  volume={44},
  number={1},
  pages={73--91},
  year={1995},
  publisher={}
}
@inproceedings{baruah2002implementing,
  title={Implementing constant-bandwidth servers upon multiprocessor platforms},
  author={Baruah, S. and Goossens, J. and Lipari, G.},
  booktitle={Proceedings of the 8th IEEE Real-Time and Embedded Technology and Applications Symposium},
  pages={154--163},
  year={2002},
  organization={ }
}
@inproceedings{baruch2004multiprocessor,
  title={A multiprocessor implementation of the total bandwidth server},
  author={Baruah, S. and Lipari, G.},
  booktitle={Proceedings of the 18th International Parallel and Distributed Processing Symposium},
  pages={40 - 49},
  year={2004},
  organization={ }
}
 
%%%%%%%%%%%%%%
%*new work at UTD* 
 
@InProceedings{LiuRTSS14a,
 author = {C. Liu and J. Chen},
 title = {Bursty-Interference Analysis Techniques for Analyzing Complex Real-Time Task Models},
 booktitle = {Proceedings of the 35th IEEE Real-Time Systems Symposium},
 volume = {},
 number = {},
 year = {56 - 66, 2014},
 issn = {},
 pages = {},
 publisher = {},
 address = {},
 } 
 
 
 @InProceedings{calandrino2007,
 author = {J. Calandrino and J. Anderson and D. Baumberger},
 title = {A hybrid real-time scheduling approach for large-scale multicore platforms},
 booktitle = {Proceedings of the 19th Euromicro Conference on Real-Time
Systems},
 year = {pages 247-256, 2007},
 isbn = {},
 pages = {},
 doi = {},
 publisher = {},
 address = {},
 } 
 
 @InProceedings{LiuRTSS14b,
 author = {J. Chen and C. Liu},
 title = {Fixed-Relative-Deadline Scheduling of Hard Real-Time Tasks with Self-Suspensions},
 booktitle = {Proceedings of the 35th IEEE Real-Time Systems Symposium},
 volume = {},
 number = {89 - 100},
 year = {2014},
 issn = {},
 pages = {},
 publisher = {},
 address = {},
 } 

@InProceedings{LiuECRTS14,
 author = {C. Liu and J. Chen and L. He and Y. Gu},
 title = {Techniques for Analyzing Hard Real-Time Avionics Workloads with Self-Suspensions},
 booktitle = {Proceedings of the 26th Euromicro Conference on Real-Time Systems},
 volume = {},
 number = {},
 year = {To appear, 2014},
 issn = {},
 pages = {},
 publisher = {},
 address = {},
 } 
 



%%%%%%%%%%%%%
%*Scheduling with GPU, and cache and memory isolation and scheduling*

@inproceedings{abeni1999qos,
  title={QoS guarantee using probabilistic deadlines},
  author={Abeni, L. and Buttazzo, G.},
  booktitle={Proceedings of the 11th Euromicro Conference on Real-Time Systems},
  pages={242--249},
  year={1999},
  organization={ }
}
@inproceedings{mills2010stochastic,
  title={A stochastic framework for multiprocessor soft real-time scheduling},
  author={Mills, A. and Anderson, J.},
  booktitle={Proceedings of the  16th IEEE Real-Time and Embedded Technology and Applications Symposium},
  pages={311--320},
  year={2010},
  organization={ }
}
@inproceedings{mills2011multiprocessor,
  title={A multiprocessor server-based scheduler for soft real-time tasks with stochastic execution demand},
  author={Mills, A. and Anderson, J.},
  booktitle={Proceedings of the 17th IEEE International Conference on Embedded and Real-Time Computing Systems and Applications},
  volume={1},
  pages={207--217},
  year={2011},
  organization={ }
}


@inproceedings{kato2012gdev,
  title={Gdev: First-Class GPU Resource Management in the Operating System.},
  author={Kato, S. and McThrow, M. and Maltzahn, C. and Brandt, A.},
  booktitle={USENIX Annual Technical Conference},
  pages={401--412},
  year={2012}
}

 @Article{glennGPU,
 author = {G. Elliott and J. Anderson},
 title = {Globally Scheduled Real-Time Multiprocessor Systems with {GPU}s},
journal = {Real-Time Systems},
year = {2012},
volume = {48},
number = {1},
pages = {34-74},
}

@inproceedings{yan2008wcet,
  title={WCET analysis for multi-core processors with shared L2 instruction caches},
  author={Yan, J. and Zhang, W.},
  booktitle={Proceedings of the IEEE Real-Time and Embedded Technology and Applications Symposium},
  pages={80--89},
  year={2008},
  organization={ }
}

@inproceedings{li2009timing,
  title={Timing analysis of concurrent programs running on shared cache multi-cores},
  author={Li, Y. and Suhendra, V. and Liang, Y. and Mitra, T. and Roychoudhury, A.},
  booktitle={Proceedings of the 30th IEEE Real-Time Systems Symposium},
  pages={57--67},
  year={2009},
  organization={ }
}

@inproceedings{calandrino2008cache,
  title={Cache-aware real-time scheduling on multicore platforms: Heuristics and a case study},
  author={Calandrino, J. and Anderson, J.},
  booktitle={Proceedings of the  Euromicro Conference on Real-Time Systems},
  pages={299--308},
  year={2008},
  organization={ }
}

@inproceedings{cho2007achieving,
  title={Achieving predictable performance with on-chip shared l2 caches for manycore-based real-time systems},
  author={Cho, S. and Jin, L. and Lee, K.},
  booktitle={Proceedings of the 13th IEEE International Conference on Embedded and Real-Time Computing Systems and Applications},
  pages={3--11},
  year={2007},
  organization={ }
}


%%%%%%%%%%%%%
%*Multiresource, synchronization*

 
   @InProceedings{smr1,
 author = {S. Saewong and R. Jajkumar},
 title = {Cooperative scheduling of multiple resources},
 booktitle = {Proceedings of the 20th IEEE Real-Time Systems Symposium},
 year = {pages 90-101, 1999},
 isbn = {},
 pp. = {},
 doi = {},
 publisher = {},
 address = {},
 }  
 
 
 
 
    @InProceedings{smr2,
 author = {K. Gopalan and T. Chuieh},
 title = {Multi-resource allocation and scheduling for periodic soft real-time applications},
 booktitle = {Multimedia Computing and Networking},
 year = {pages 34-45, 2002},
 isbn = {},
 pp. = {},
 doi = {},
 publisher = {},
 address = {},
 }  
 
 @article{baker1991stack,
  title={Stack-based scheduling of realtime processes},
  author={Baker, T.},
  journal={Real-Time Systems},
  volume={3},
  number={1},
  pages={67--99},
  year={1991},
  publisher={Springer}
}

@inproceedings{baruah2006resource,
  title={Resource sharing in {EDF}-scheduled systems: A closer look},
  author={Baruah, S.},
  booktitle={Proceedings of the 27th IEEE Real-Time Systems Symposium},
  pages={379--387},
  year={2006},
  organization={ }
}

@inproceedings{block2007flexible,
  title={A flexible real-time locking protocol for multiprocessors},
  author={Block, A. and Leontyev, H. and Brandenburg, B. and Anderson, J.},
  booktitle={Proceedings of the 13th IEEE International Conference on Embedded and Real-Time Computing Systems and Applications},
  pages={47--56},
  year={2007},
  organization={}
}

@inproceedings{brandenburg2008real,
  title={Real-time synchronization on multiprocessors: To block or not to block, to suspend or spin?},
  author={Brandenburg, B. and Calandrino, J. and Block, A. and Leontyev, H. and Anderson, J.},
  booktitle={Proceedings of the IEEE Real-Time and Embedded Technology and Applications Symposium},
  pages={342--353},
  year={2008},
  organization={}
}

@inproceedings{rajkumar1988real,
  title={Real-Time Synchronization Protocols for Multiprocessors.},
  author={Rajkumar, R. and Sha, L. and Lehoczky, J.},
  booktitle={RTSS},
  volume={88},
  pages={259--269},
  year={1988}
}

@inproceedings{gai2003comparison,
  title={A comparison of MPCP and MSRP when sharing resources in the Janus multiple-processor on a chip platform},
  author={Gai, P. and Di Natale, M. and Lipari, G. and Ferrari, A. and Gabellini, C. and Marceca, P.},
  booktitle={Proceedings of the 9th IEEE Real-Time and Embedded Technology and Applications Symposium},
  pages={189--198},
  year={2003},
  organization={}
}

@inproceedings{holman2002locking,
  title={Locking in Pfair-scheduled multiprocessor systems},
  author={Holman, P. and Anderson, J.},
  booktitle={Proceedings of the 23th IEEE Real-Time Systems Symposium},
  pages={149--149},
  year={2002},
  organization={}
}

@book{rajkumar1991synchronization,
  title={Synchronization in real-time systems: A Priority Inheritance Approach},
  author={Rajkumar, R.},
  year={1991},
  publisher={Kluwer Academic Publishers}
}






%%%%%%%%%%%%%
%*Computation offloading*

@article{dai2007heuristic,
  title={A heuristic algorithm for reliability modeling and analysis of grid systems},
  author={Dai, Y. and Xie, M. and Wang, X.},
  journal={IEEE Transactions on Systems, Man and Cybernetics},
  volume={37},
  number={2},
  pages={189--200},
  year={2007},
  publisher={}
}

@inproceedings{hunt1999coign,
  title={The Coign automatic distributed partitioning system},
  author={Hunt, G. and Scott, M.},
  booktitle={Proceedings of the Thrid Symposium on Operating Systems Design and Implementation},
  volume={},
  pages={187--200},
  year={1999}
}

@article{stoer1997simple,
  title={A simple min-cut algorithm},
  author={Stoer, M. and Wagner, F.},
  journal={Journal of the ACM},
  volume={44},
  number={4},
  pages={585--591},
  year={1997},
  publisher={ACM}
}

@article{chen2004studying,
  title={Studying energy trade offs in offloading computation/compilation in java-enabled mobile devices},
  author={Chen, G. and Kang, B. and Kandemir, M. and Vijaykrishnan, N. and Irwin, M. and Chandramouli, R.},
  journal={IEEE Transactions on Parallel and Distributed Systems},
  volume={15},
  number={9},
  pages={795--809},
  year={2004},
  publisher={}
}

@inproceedings{cuervo2010maui,
  title={MAUI: making smartphones last longer with code offload},
  author={Cuervo, E. and Balasubramanian, A. and Cho, D. and Wolman, A. and Saroiu, S. and Chandra, R. and Bahl, P.},
  booktitle={Proceedings of the 8th international conference on Mobile systems, applications, and services},
  pages={49--62},
  year={2010},
  organization={ACM}
}
@inproceedings{chun2009augmented,
  title={Augmented Smartphone Applications Through Clone Cloud Execution.},
  author={Chun, B. and Maniatis, P.},
  booktitle={Proceedings of the 10th Workshop on Hot Topics in Operating Systems},
  volume={9},
  pages={8--11},
  year={2009}
}
@inproceedings{chen2010virtual,
  title={Virtual smartphone over IP},
  author={Chen, E. and Itoh, M.},
  booktitle={Proceedings of the IEEE International Symposium on World of Wireless Mobile and Multimedia Networks},
  pages={1--6},
  year={2010},
  organization={}
}
@inproceedings{kosta2012thinkair,
  title={Thinkair: Dynamic resource allocation and parallel execution in the cloud for mobile code offloading},
  author={Kosta, S. and Aucinas, A. and Hui, P. and Mortier, R. and Zhang, X.},
  booktitle={Proceedings of the IEEE International Conference on Computer Communications},
  pages={945--953},
  year={2012},
  organization={}
}


@inproceedings{toma2013computation,
  title={Computation offloading for frame-based real-time tasks with resource reservation servers},
  author={Toma, Anas and Chen, Jian-Jia},
  booktitle={Proceedings of the 25th Euromicro Conference on Real-Time Systems},
  pages={103--112},
  year={2013},
  organization={}
}

 @InProceedings{Chen:DAC2014,
 author = {W. Liu and J. Chen and A. Toma and T. Kuo and Q. Deng},
 title = { Computation Offloading by Using Timing Unreliable Components in Real-Time Systems},
 booktitle = {Proceedings of the 51st Annual Design Automation Conference},
year = {2014}, 
 pages = {1-6},
 }

@inproceedings{toma2013computationb,
  title={Computation offloading for real-time systems},
  author={Toma, A. and Chen, J.},
  booktitle={Proceedings of the 28th Annual ACM Symposium on Applied Computing},
  pages={1650--1651},
  year={2013},
  organization={ }
}
@inproceedings{nimmagadda2010real,
  title={Real-time moving object recognition and tracking using computation offloading},
  author={Nimmagadda, Y. and Kumar, K. and Lu, Y. and Lee, G.},
  booktitle={Proceedings of the IEEE Intertional Conference on Intelligent Robots and Systems},
  pages={2449--2455},
  year={2010},
  organization={}
}



@InProceedings{Ferreira:2011,
 author = {L. Ferreira and G. Silva and L. Pinho},
 title = {Service offloading in adaptive real-time systems},
 booktitle = {Proceedings of the Conference on Emerging Technologies and Factory Automation},
 year = {2011},
 pages = {1-6},
 }
 
 @inproceedings{Li:2001,
 author = {Li, Z. and Wang, C. and Xu, R.},
 title = {Computation Offloading to Save Energy on Handheld Devices: A Partition Scheme},
 booktitle = {Proceedings of the 2001 International Conference on Compilers, Architecture, and Synthesis for Embedded Systems},
 series = {},
 year = {2001},
 isbn = {},
 location = {},
 pages = {238--246},
 numpages = {},
 url = {},
 doi = {},
 acmid = {},
 publisher = { },
 address = {},
} 

@InProceedings{Wolski:2008,
 author = {R. Wolski and S. Gurun and C. Krintz and D. Nurmi},
 title = {Using bandwidth data to make computation offloading decisions},
 booktitle = {Proceedings of the 22nd IEEE International Symposium on Parallel and Distributed Processing},
 year = {2008},
 pages = {1-8},
 }


%Single application offloading

@InProceedings{Yunqi:2011,
 author = {Y. Ye and L. Xiao and I. Yen and F. Bastani},
 title = {Leveraging Service Clouds for Power and QoS Management for Mobile Devices},
 booktitle = {Proceedings of the 4th IEEE International Conference on Cloud Computing},
 year = {2011},
 pages = {235-242},
 }


@ARTICLE{Kumar:2010, 
author={Kumar, K. and Lu, Y.}, 
journal={Computer}, 
title={Cloud Computing for Mobile Users: Can Offloading Computation Save Energy?}, 
year={2010}, 
volume={43}, 
number={4}, 
pages={51-56}, 
keywords={}, 
ISSN={0018-9162},}

@article{Wang:2004,
title = "A computation offloading scheme on handheld devices ",
journal = "Journal of Parallel and Distributed Computing ",
volume = "64",
number = "6",
pages = "740 - 746",
year = "2004",
note = "",
issn = "0743-7315",
doi = "http://dx.doi.org/10.1016/j.jpdc.2003.10.005",
url = "http://www.sciencedirect.com/science/article/pii/S0743731503001965",
author = "Cheng Wang and Zhiyuan Li",
keywords = "Task partition",
keywords = "Wireless network",
keywords = "Distributed computing",
keywords = "Data consistency",
keywords = "Edge profiling",
keywords = "Program transformation "
}

@inproceedings{Satyanarayanan:2010,
 author = {Satyanarayanan, M.},
 title = {Mobile Computing: The Next Decade},
 booktitle = {Proceedings of the 1st ACM Workshop on Mobile Cloud Computing; Services: Social Networks and Beyond},
 series = {MCS '10},
 year = {2010},
 isbn = {978-1-4503-0155-8},
 location = {San Francisco, California},
 pages = {5:1--5:6},
 articleno = {5},
 numpages = {6},
 url = {http://doi.acm.org/10.1145/1810931.1810936},
 doi = {10.1145/1810931.1810936},
 acmid = {1810936},
 publisher = { },
 address = {New York, NY, USA},
} 

@inproceedings{Satyanarayanan:1996,
 author = {Satyanarayanan, M.},
 title = {Fundamental Challenges in Mobile Computing},
 booktitle = {Proceedings of the Fifteenth Annual ACM Symposium on Principles of Distributed Computing},
 series = {PODC '96},
 year = {1996},
 isbn = {0-89791-800-2},
 location = {Philadelphia, Pennsylvania, USA},
 pages = {1--7},
 numpages = {7},
 url = {http://doi.acm.org/10.1145/248052.248053},
 doi = {10.1145/248052.248053},
 acmid = {248053},
 publisher = { },
 address = {New York, NY, USA},
} 

@MISC{whitepaper,
    author = {White Paper},
    title = {Mobile cloud computing solution brief},
    year = {AEPONA, 2010}
}

@article{Dinh:2011,
  title={A survey of mobile cloud computing: architecture, applications, and approaches},
  author={Dinh, Hoang T and Lee, Chonho and Niyato, Dusit and Wang, Ping},
  journal={Wireless communications and mobile computing},
  volume={13},
  number={18},
  pages={1587--1611},
  year={2013},
  publisher={Wiley Online Library}
}

@INCOLLECTION{Soyata:2013,
	AUTHOR		= "Tolga Soyata and He Ba and Wendi Heinzelman and Minseok Kwon and Jiye Shi",
	TITLE		= "Accelerating Mobile Cloud Computing: A Survey",
	BOOKTITLE	= "Communication Infrastructures for Cloud Computing",
	PUBLISHER	= "IGI Global",
	YEAR		= "2013"
	ADDRESS		= "Hershey, PA, USA",
	PAGES		= "175-197",
	CHAPTER		= "8",
	EDITOR		= "H. T. Mouftah and B. Kantarci"}

@article{Abolfazli:2013,
  author    = {Saeid Abolfazli and
               Zohreh Sanaei and
               Ejaz Ahmed and
               Abdullah Gani and
               Rajkumar Buyya},
  title     = {Cloud-Based Augmentation for Mobile Devices: Motivation,
               Taxonomies, and Open Challenges},
  journal   = {CoRR},
  volume    = {abs/1306.4956},
  year      = {2013},
  ee        = {http://arxiv.org/abs/1306.4956},
  bibsource = {DBLP, http://dblp.uni-trier.de}
}



%%%%%%%%%%%%%
%*Sporadic scheduling*

@InProceedings{andersson2003,
 author = {B. Andersson and J. Jonsson},
 title = "{The utilization bounds of partitioned and Pfair static-priority scheduling on multiprocessors are 50\%}",
 booktitle = {Proceedings of the 15th Euromicro Conference on Real-Time Systems},
 year = {pages 33-40, 2003},
 isbn = {},
 pages = {},
 doi = {},
 publisher = {},
 address = {},
 } 
 
 @article{Baruah2006a,
author = {Baruah, S. and Fisher, N.},
journal = {IEEE Transactions on Computers},
keywords = {Sporadic tasks,multiprocessors,partitioned scheduling,resource augmentation.},
number = {7},
title = {{The partitioned multiprocessor scheduling of deadline-constrained sporadic task systems}},
volume = {55},
year = {2006}
}

@inproceedings{andersson2003,
author = {Andersson, B and Jonsson, J},
booktitle = {Proceedings of the 15th Euromicro Conference on Real-Time Systems},
title = {The utilization bounds of partitioned and Pfair static-priority scheduling on multiprocessors are 50\%},
year = {2003},
pages = {33-40},
}



@techreport{baker2007,
author = {Baker, Ted},
institution = {Florida State University},
title = {{A comparison of global and partitioned EDF schedulability tests for multiprocessors}},
year = {2005}
}

@article{funk2005,
author = {Funk, S. and Baruah, S.},
doi = {10.1109/ECRTS.2005.31},
isbn = {0-7695-2400-1},
issn = {1068-3070},
journal = {Proceedings of the 17th Euromicro Conference on Real-Time Systems},
pages = {34 - 43}
title = {{Task assignment on uniform heterogeneous multiprocessors}},
year = {2005}
}

@article{baruah2005a,
author = {S. Baruah},
doi = {10.1109/ECRTS.2005.32},
isbn = {0-7695-2400-1},
issn = {1068-3070},
journal = {Proceedings of the 17th Euromicro Conference on Real-Time Systems},
keywords = {EDF scheduling,critical sections,non-preemptive scheduling,sporadic tesks,uniprocessors},
title = {{The limited-preemption uniprocessor scheduling of sporadic task systems}},
year = {2005},
pages = {137-144}
}

%partitioned scheduling
@inproceedings{chattopadhyay2011,
  title={A lookup-table driven approach to partitioned scheduling},
  author={Chattopadhyay, Bipasa and Baruah, Sanjoy},
  booktitle={Proceedings of the 17th IEEE Real-Time and Embedded Technology and Applications Symposium},
  pages={257--265},
  year={2011},
  organization={}
}
@article{Baruah2006a,
author = {Baruah, S. and Fisher, N.},
journal = {IEEE Transactions on Computers},
keywords = {Sporadic tasks,multiprocessors,partitioned scheduling,resource augmentation.},
number = {7},
title = {{The partitioned multiprocessor scheduling of deadline-constrained sporadic task systems}},
volume = {55},
year = {2006}
}

@article{bertogna2011b,
author = {Bertogna, M. and Baruah, S.},
journal = {Journal of Systems Architecture},
number = {5},
pages = {487-497},
title = {Tests for global EDF schedulability analysis},
volume = {57},
year = {2011}
}

@article{baruah2008,
author = {Baruah, S. and Baker, T.},
issn = {0922-6443},
journal = {Real-Time Systems},
number = {3},
pages = {223--235},
publisher = {Springer Netherlands},
title = "{Schedulability analysis of global EDF}",
volume = {38},
year = {2008}
}

@article{liu1969,
author = {C.L. Liu},
 title = {Scheduling algorithms for multiprocessors in a hard real-time environment},
 booktitle = {JPL Space Programs Summary},
year = {1969},
volume = {37-60},
number = {2},
pages = {28-37},
} 

@article{baruah2011,
author = {Baruah, S.},
doi = {10.1109/RTSS.2011.18},
isbn = {978-1-4577-2000-0},
issn = {1052-8725},
journal = {Proceedings of the 32nd IEEE Real-Time Systems Symposium},
pages = {116--125},
publisher = {},
title = {{The Partitioned EDF Scheduling of Sporadic Task Systems}},
year = {2011}
}

@InProceedings{lee2010,
 author = {J. Lee and A. Easwaran and I. Shin},
 title = "{ LLF schedulability analysis on multiprocessor platforms}",
 booktitle = {Proceedings of the 31st IEEE Real-Time Systems Symposium},
 year = {2010},
 pages = {25-36},
 }

@article{baruah2006,
author = {Baruah, S. and Burns, A.},
doi = {10.1109/RTSS.2006.47},
isbn = {0-7695-2761-2},
issn = {1052-8725},
journal = {Proceedings of the 27th IEEE International Real-Time Systems Symposium},
title = {{Sustainable Scheduling Analysis}},
year = {2006}
}


@article{fisher2005,
author = {Fisher, N. and Baruah, S.},
doi = {10.1109/ECRTS.2005.1},
isbn = {0-7695-2400-1},
issn = {1068-3070},
journal = {Proceedings of the Euromicro Conference on Real-Time Systems},
title = {{A fully polynomial-time approximation scheme for feasibility analysis in static-priority systems with arbitrary relative deadlines}},
year = {2005}
}

@InProceedings{BC,
 author = {M. Bertogna and M. Cirinei},
 title = {Response-time analysis for globally scheduled symmetric multiprocessor platforms},
 booktitle = {Proceedings of the 28th Real-Time Systems Symposium},
 volume = {},
 number = {},
 year = {pages 149-160, 2007},
 issn = {},
 pages = {},
 publisher = {},
 address = {},
 }
 
@InProceedings{Par,
 author = {S. Baruah and N. Fisher},
 title = "{The partitioned multiprocessor scheduling of sporadic task systems}",
 booktitle = {Proceedings of the 26th Real-Time Systems Symposium},
 year = {pages 321-329, 2005},
 isbn = {},
 pages = {330--341},
 doi = {http://dx.doi.org/10.1109/Real-Time Systems Symposium.2005.39},
 publisher = {},
 address = {},
 } 
 
 @InProceedings{G,
 author = {N. Guan and M. Stigge and W. Yi and G. Yu},
 title = {New response time bounds for fixed priority multiprocessor scheduling},
 booktitle = {Proceedings of the 30th Real-Time Systems Symposium},
 year = {pages 387-397, 2009},
 isbn = {},
 pages = {},
 doi = {},
 publisher = {},
 address = {},
 }
 
 @InProceedings{baruah2007,
 author = {S. Baruah},
 title = {Techniques for multiprocessor global schedulability analysis},
 booktitle = {Proceedings of the 28th IEEE International Real-Time Systems
Symposium},
 year = {pages 119-18, 2007},
 isbn = {},
 pages = {},
 doi = {},
 publisher = {},
 address = {},
 } 
 
 @article{ridouard2006some,
  title={Some results on scheduling tasks with self-suspensions},
  author={Ridouard, Fr{\'e}d{\'e}ric and Richard, Pascal and Cottet, Francis and Traore, Karim},
  journal={Journal of Embedded Computing},
  volume={2},
  number={3},
  pages={301--312},
  year={2006},
  publisher={IOS Press}
}
 
 @InProceedings{TAME,
 author = {},
 title = "{Texas Alliance for Minorities in Engineering (TAME)}",
 booktitle = {},
 year = {http://www.tame.org/, 2014},
 isbn = {},
 pages = {},
 doi = {},
 publisher = {},
 address = {},
 }
 
 @InProceedings{speedup,
 author = {},
 title = "{CPU, GPU and MIC hardware characteristics over time}",
 booktitle = {},
 year = {http://www.karlrupp.net/2013/06/cpu-gpu-and-mic-hardware-characteristics-over-time/, 2014},
 isbn = {},
 pages = {},
 doi = {},
 publisher = {},
 address = {},
 }
  
  @InProceedings{google,
 author = {},
 title = "{Costs on Google's self-driving car}",
 booktitle = {},
 year = {http://www.fastcompany.com/3025722/will-you-ever-be-able-to-afford-a-self-driving-car, 2014},
 isbn = {},
 pages = {},
 doi = {},
 publisher = {},
 address = {},
 }
 
 @InProceedings{LITMUS,
 author = {UNC Chapel Hill},
 title = "{Linux Testbed for Multiprocessor Scheduling in Real-Time Systems}",
 booktitle = {},
 year = {http://www.litmus-rt.org/, 2013},
 isbn = {},
 pages = {},
 doi = {},
 publisher = {},
 address = {},
 }
 
 @InProceedings{clustered,
 author = {A. Bastoni and B. Brandenburg and J. Anderson},
 title = {An Empirical Comparison of Global, Partitioned, and Clustered Multiprocessor Real-Time Schedulers},
 booktitle = {Proceedings of the 31st IEEE Real-Time Systems Symposium},
 year = {pages 14-24, 2010},
 isbn = {},
 pages = {},
 doi = {},
 publisher = {},
 address = {},
 }
 
 
   @inproceedings{phillips1997,
 author = {C. Phillips and C. Stein and E. Torng and J. Wein},
 title = "{Optimal time-critical scheduling via resource augmentation}",
 booktitle = {Proceedings of the 29th ACM Symposium on Theory of Computing},
 year = {1997},
 pages = {140-149},
 }
 
@Article{baruah1996,
 author = {S. Baruah and N. Cohen and C. Plaxton and D. Varvel},
 title = {Proportionate progress: A notion of fairness in resource allocation},
journal = {Algorithmica},
year = {1996},
volume = {15},
number = {6},
pages = {600-625},
}

 @InProceedings{devi2005,
 author = {U. Devi and J. Anderson},
 title = {Tardiness bounds under global {EDF} scheduling on a multiprocessor},
 booktitle = {Proceedings of the 26th IEEE Real-Time Systems Symposium},
 year = {pages 330-341, 2005},
 isbn = {},
 pages = {},
 doi = {},
 publisher = {},
 address = {},
 } 
 
@Article{davis2011a,
 author = {R. Davis and A. Burns},
 title = { Improved priority assignment for global fixed priority pre-emptive scheduling in multiprocessor real-time systems},
journal = {Real-Time Systems},
year = {2011},
volume = {47},
number = {1},
pages = {1-40},
}
 
 
 @InBook{Cluster1,
author = {T. Baker and S. Baruah},
editor = { },
title = {Schedulability analysis of multiprocessor sporadic task systems, Handbook of real-time and embedded systems},
chapter = { },
publisher = {Chapman Hall/CRC},
year = {2007},
volume = { },
number = { },
pages = { },
}

@TechReport{baker2007,
author = {T. Baker},
 title = "{A comparison of global and partitioned EDF schedulability tests for multiprocessors}",
institution = {Florida State University},
year = {2005},
number = {},
}
 
 
 
 @InProceedings{baker2003,
 author = {T. Baker},
 title = {Multiprocessor {EDF} and deadline monotonic schedulability analysis},
 booktitle = {Proceedings of the 24th IEEE Real-Time Systems Symposium},
 year = {pages 120-129, 2003},
 isbn = {},
 pages = {},
 doi = {},
 publisher = {},
 address = {},
 } 

@Article{goossens2003,
 author = {J. Goossens and S. Funk and S. Baruah},
 title = {Priority-driven scheduling of periodic task systems on multiprocessors},
journal = {Real-Time Systems},
year = {2003},
volume = {25},
number = {2-3},
pages = {187-205},
}

@inproceedings{andersson2008sporadic,
  title={Sporadic Multiprocessor Scheduling with Few Preemptions.},
  author={Andersson, B. and Bletsas, K.},
  booktitle={Proceedings of the Euromicro Conference on Real-Time Systems},
  volume={8},
  pages={243--252},
  year={2008}
}

@inproceedings{andersson2006multiprocessor,
  title={Multiprocessor scheduling with few preemptions},
  author={Andersson, B. and Tovar, E.},
  booktitle={Proceedings of the 12th IEEE International Conference on Embedded and Real-Time Computing Systems and Applications},
  pages={322--334},
  year={2006},
  organization={}
}

@inproceedings{cho2006optimal,
  title={An optimal real-time scheduling algorithm for multiprocessors},
  author={Cho, H. and Ravindran, B. and Jensen, D.},
  booktitle={Proceedings of the 27th IEEE Real-Time Systems Symposium},
  pages={101--110},
  year={2006},
  organization={}
}

@inproceedings{funaoka2008work,
  title={Work-conserving optimal real-time scheduling on multiprocessors},
  author={Funaoka, K. and Kato, S. and Yamasaki, N.},
  booktitle={Proceedings of the Euromicro Conference on Real-Time Systems},
  pages={13--22},
  year={2008},
  organization={}
}

@article{chetto1990dynamic,
  title={Dynamic scheduling of real-time tasks under precedence constraints},
  author={Chetto, H. and Silly, M. and Bouchentouf, T.},
  journal={Real-Time Systems},
  volume={2},
  number={3},
  pages={181--194},
  year={1990},
  publisher={Springer}
}

@inproceedings{cucu2004non,
  title={Non-preemptive multiprocessor scheduling for strict periodic systems with precedence constraints},
  author={Cucu, L. and Sorel, Y.},
  booktitle={Proceedings of the 23rd Annual Workshop of the UK Planning and Scheduling Special Interest Group},
  volume={4},
  year={2004}
}

@article{garey1981scheduling,
  title={Scheduling unit-time tasks with arbitrary release times and deadlines},
  author={Garey, M. and Johnson, D. and Simons, B. and Tarjan, R.},
  journal={SIAM Journal on Computing},
  volume={10},
  number={2},
  pages={256--269},
  year={1981},
  publisher={SIAM}
}

@article{fisher2009feasibility,
  title={The feasibility of general task systems with precedence constraints on multiprocessor platforms},
  author={Fisher, N. and Baruah, S.},
  journal={Real-Time Systems},
  volume={41},
  number={1},
  pages={1--26},
  year={2009},
  publisher={Springer}
}

@article{ramamritham1995allocation,
  title={Allocation and scheduling of precedence-related periodic tasks},
  author={Ramamritham, K.},
  journal={IEEE Transactions on Parallel and Distributed Systems},
  volume={6},
  number={4},
  pages={412--420},
  year={1995},
  publisher={}
}

@article{spuri1994integrate,
  title={How to integrate precedence constraints and shared resources in real-time scheduling},
  author={Spuri, M. and Stankovic, J.},
  journal={IEEE Transactions on Computers},
  volume={43},
  number={12},
  pages={1407--1412},
  year={1994},
  publisher={}
}





%%%%%%%%%%%%%
%*Task models and suspension work*

@PhdThesis{sporadic,
author = {A. Mok},
title = {Fundamental Design Problems of Distributed Systems for the Hard-real-time environment},
school = {Massachusetts Institute of Technology},
year = {1983}
}

@InProceedings{kim1995,
 author = {Kim,, I. and Choi,, K. and Park,, S. and Kim,, D. and Hong,, M.},
 title = {Real-time scheduling of tasks that contain the external blocking intervals},
 booktitle = {Proceedings of the 2nd International Workshop on Real-Time Computing Systems and Applications},
 volume = {},
 number = {},
 year = {pages 54-59, 1995},
 issn = {},
 pages = {},
 publisher = {},
 address = {},
 }
 
 @InProceedings{palencia1998,
 author = {J. C. Palencia and M. G. Harbour},
 title = {Schedulability analysis for tasks with static and dynamic offsets},
 booktitle = {Proceedings of the 19th IEEE Real-Time Systems Symposium},
 volume = {},
 number = {},
 year = {pages 26-37, 1998},
 issn = {},
 pages = {},
 publisher = {},
 address = {},
 }
 
 @TechReport{tindell1994,
 author = {K. Tindell},
 title = {Adding time-offsets to schedulability analysis},
institution = {University of York},
year = {1994},
number = {221},
}

@Article{palencia2003,
 author = {J. C. Palencia and M. G. Harbour},
 title = "{Response time analysis of EDF distributed real-time systems}",
journal = {Journal of Embedded Computing},
year = {2005},
volume = {1},
number = {2},
pages = {225-237},
}

@InProceedings{rajkumar1991,
 author = {R. Rajkumar},
 title = "{Dealing with Suspending Periodic Tasks.}",
 booktitle = {},
 volume = {},
 number = {},
 year = {IBM T. J. Watson Research Center, 1991},
 issn = {},
 pages = {},
 publisher = {},
 address = {},
 }
 
 @InProceedings{lakshmanan2010,
 author = {K. Lakshmanan and R. Rajkumar},
 title = {Scheduling Self-Suspending Real-Time Tasks with Rate-Monotonic Priorities	},
 booktitle = {Proceedings of the 16th IEEE Real-Time and Embedded Technology and Applications Symposium},
 year = {pages 3-12, 2010},
 isbn = {},
 pages = {},
 doi = {},
 publisher = {},
 address = {},
 }
 
 @PhdThesis{johndissertation,
author = {J. Calandrino},
title = {On the Design and Implementation of a Cache-Aware Soft Real-Time Scheduler for Multicore Platforms},
school = {University of North Carolina at Chapel Hill},
year = {2009}
}

 @PhdThesis{Liudissertation,
author = {C. Liu},
title = {Efficient Design, Analysis, and Implementation of Complex Multiprocessor Real-Time Systems},
school = {University of North Carolina at Chapel Hill},
year = {2013}
}

@PhdThesis{BBBdissertation,
author = {B. Brandenburg},
title = {Scheduling and Locking in Multiprocessor Real-Time Operating Systems},
school = {University of North Carolina at Chapel Hill},
year = {2011}
}

@PhdThesis{devidissertation,
author = {U. Devi},
title = {Soft Real-Time Scheduling on Multiprocessors},
school = { University of North Carolina at Chapel Hill},
year = {2006}
}

@PhdThesis{leontyevdissertation,
author = {H. Leontyev},
title = {Compositional Analysis Techniques For Multiprocessor Soft Real-Time Scheduling},
school = {University of North Carolina at Chapel Hill},
year = {2010}
}



@Book{liu2000,
author = {J. Liu},
editor = { },
title = {Real-Time Systems},
publisher = {Prentice Hall},
year = {2000},
volume = { },
number = { },
}

%%%%%%%%%%%%%
%*My PhD Master work*

@article{li2010efficient,
  title={Efficient multi-path protocol for wireless sensor networks},
  author={Li, S. and Neelisetti, R. and Liu, C. and Lim, A.},
  journal={International Journal of Wireless and Mobile Networks},
  volume={2},
  number={1},
  pages={110--130},
  year={2010},
  publisher={Citeseer}
}

@inproceedings{li2007edge,
  title={EDGE: A routing algorithm for maximizing throughput and minimizing delay in wireless sensor networks},
  author={Li, S. and Lim, A. and Kulkarni, S. and Liu, C.},
  booktitle={Proceedings of the IEEE Military Communications Conference},
  pages={1--7},
  year={2007},
  organization={}
}

@inproceedings{li2008delay,
  title={Delay-constrained high throughput protocol for multi-path transmission over wireless multimedia sensor networks},
  author={Li, S. and Neelisetti, R. and Liu, C. and Lim, A.},
  booktitle={Proceedings of the Interational Symposium on World of Wireless, Mobile and Multimedia Networks},
  pages={1--8},
  year={2008},
  organization={}
}

@article{liu2009general,
  title={A general distributed scalable grid scheduler for independent tasks},
  author={Liu, C. and Baskiyar, S.},
  journal={Journal of Parallel and Distributed Computing},
  volume={69},
  number={3},
  pages={307--314},
  year={2009},
  publisher={Elsevier}
}

@inproceedings{liu2008distributed,
  title={Distributed energy-efficient scheduling for data-intensive applications with deadline constraints on data grids},
  author={Liu, C. and Qin, X. and Kulkarni, S. and Wang, C. and Li, S. and Manzanares, A. and Baskiyar, S.},
  booktitle={Proceedings of the IEEE International Conference on Performance, Computing and Communications},
  pages={26--33},
  year={2008},
  organization={}
}

@article{liu2008pass,
  title={PASS: power-aware scheduling of mixed applications with deadline constraints on clusters},
  author={Liu, C. and Qin, X. and Li, S.},
  journal={Proceedings of the 17th IEEE International Conference on Computer Communications and Networks},
  pages={55--62}
  year={2008}
}

@incollection{liu2007general,
  title={A general distributed scalable peer to peer scheduler for mixed tasks in grids},
  author={Liu, C. and Baskiyar, S. and Li, S.},
  booktitle={Proceedings of the IEEE International Conference on High Performance Computing},
  pages={320--330},
  year={2007},
  publisher={}
}


@article{li2010interference,
  title={An interference-aware routing algorithm for multimedia streaming over wireless sensor networks},
  author={Li, S. and Neelisetti, R. and Liu, C. and Kulkarni, S. and Lim, A.},
  journal={International Journal of Multimedia and Its Applications},
  volume={2},
  number={1},
  year={2010}
}


@inproceedings{liu2008scheduling,
  title={Scheduling mixed tasks with deadlines in grids using bin packing},
  author={Liu, Cong and Baskiyar, Sanjeev},
  booktitle={Proceedings of the 14th IEEE International Conference on Parallel and Distributed Systems},
  pages={229--236},
  year={2008},
  organization={}
}


@inproceedings{liu2008heavyweight,
  title={Heavyweight or lightweight: a process selection guide for developing grid software},
  author={Liu, C. and Umphress, D.},
  booktitle={Proceedings of the 46th Annual Southeast Regional Conference},
  pages={99--102},
  year={2008},
  organization={ }
}

@inproceedings{liu2006distributed,
  title={A Distributed Peer-to-Peer Grid Scheduler},
  author={Liu, C. and Baskiyar, S. and Wang, C.},
  booktitle={Proceedings of the International Conference on Parallel and Distributed Computing and Systems},
  pages={34--39},
  year={2006},
  organization={}
}

@article{liu2009scalable,
  title={A Scalable Grid Scheduler for Real-Time Applications},
  author={Liu, C. and Baskiyar, S.},
  journal={International Journal of Computers and Their Applications},
  volume={16},
  number={1},
  year={2009}
}

@article{li2improving,
  title={Improving QoS-based Routing by Limiting Interference in Lossy Wireless Sensor Networks},
  author={Li, S. and Lim, A. and Liu, C.},
  journal={International Journal of Wireless and Mobile Networks},
  year={2011}
}


@article{liu2014supporting,
  title={Supporting soft real-time parallel applications on multiprocessors},
  author={Liu, C. and Anderson, J.},
  journal={Journal of Systems Architecture},
  volume={60},
  number={2},
  pages={152--164},
  year={2014},
  publisher={North-Holland}
}


  @InProceedings{elliott1minimizing,
 author = {Elliott, G. and Kim, N. and Erickson, J. and Liu, C. and Anderson, J.},
 title = {Minimizing Response Times of Automotive Dataflows on Multicore},
 booktitle = {Proceedings of the IEEE International Conference on Embedded and Real-Time Computer Systems and Applications},
 volume = {},
 number = {},
 year = {to appear, 2014},
 issn = {},
 pages = {},
 publisher = {},
 address = {},
 } 



@inproceedings{dongrepc,
   title={REPC: Reliable and Efficient Participatory Computing for Mobile Devices},
  author={Dong, Z. and Kong, L. and Cheng, P. and He, L. and Gu, Y. and Fang, L. and Zhu, T. and Liu, C.},
  booktitle={Proceedings of the IEEE International Conference on Sensing, Communication and Networking},
  pages={},
  year={to appear, 2014},
  organization={}
}

@inproceedings{hereconfiguration,
  title={Reconfiguration-Assisted Charging in Large-Scale Lithium-ion Battery Systems},
  author={He, L. and Kong, L. and Lin, S. and Ying, S. and Gu, Y. and He, T. and Liu, C.},
  booktitle={Proceedings of the 5th ACM/IEEE International Conference on Cyber-Physical Systems},
  pages={},
  year={to appear, 2014},
  organization={}
}

@inproceedings{he2013exploring,
  title={Exploring Adaptive Reconfiguration to Optimize Energy Efficiency in Large-Scale Battery Systems},
  author={He, L. and Gu, L. and Kong, L. and Gu, Y. and Liu, C. and He, T.},
  booktitle={Proceedings of the 34th IEEE Real-Time Systems Symposium},
  pages={118--127},
  year={2013},
  organization={}
}

@article{he2014mobile,
  title={Mobile-to-Mobile Energy Replenishment in Mission-Critical Robotic Sensor Networks},
  author={He, Liang and Cheng, Peng and Gu, Yu and Pan, Jianping and Zhu, Ting and Liu, Cong},
  journal={Proceedings of the IEEE International Conference on Computer Communications},
  volume={},
  year={to appear, 2014}
}

@InProceedings{Liu1,
 author = {C. Liu and J. Anderson},
 title = {Supporting Pipelines in Soft Real-Time Multiprocessor Systems},
 booktitle = {Proceedings of the 21st Euromicro Conference on Real-Time Systems},
 year = {pages 269-278, 2009},
 isbn = {},
 pages = {},
 doi = {},
 publisher = {},
 address = {},
 }
  
 @InProceedings{Liu2,
 author = {C. Liu and J. Anderson},
 title = {Supporting Sporadic Pipelined Tasks with Early-Releasing in Soft Real-Time Multiprocessor Systems},
 booktitle = {Proceedings of the 15th IEEE International Conference on Embedded and Real-Time Computing Systems and Applications},
 year = {pages 284-293, 2009},
 isbn = {},
 pages = {},
 doi = {},
 publisher = {},
 address = {},
 }
 
 @InProceedings{Liu3,
 author = {C. Liu and J. Anderson},
 title = {Task Scheduling with Self-Suspensions in Soft Real-Time Multiprocessor Systems},
 booktitle = {Proceedings of the 30th Real-Time Systems Symposium},
 year = {pages 425-436, 2009. \textbf{Best Student Paper Award}.},
 isbn = {},
 pages = {},
 doi = {},
 publisher = {},
 address = {},
 }
 
 @InProceedings{Liu4,
 author = {C. Liu and J. Anderson},
 title = {Scheduling Suspendable, Pipelined Tasks with Non-Preemptive Sections in Soft Real-Time Multiprocessor Systems},
 booktitle = {Proceedings of the 16th IEEE Real-Time and Embedded Technology and Applications Symposium},
 year = {pages 23-32, 2010},
 isbn = {},
 pages = {},
 doi = {},
 publisher = {},
 address = {},
 }
 
 @InProceedings{Liu5,
 author = {C. Liu and J. Anderson},
 title = {Improving the Schedulability of Sporadic Self-Suspending Soft Real-Time Multiprocessor Task Systems},
 booktitle = {Proceedings of the 16th IEEE International Conference on Embedded and Real-Time Computing Systems and Applications},
 year = {pages 14-23, 2010},
 isbn = {},
 pages = {},
 doi = {},
 publisher = {},
 address = {},
 } 
 
  @InProceedings{Liu6,
 author = {C. Liu and J. Anderson},
 title = {Supporting Soft Real-Time DAG-based Systems on Multiprocessors with No Utilization Loss},
 booktitle = {Proceedings of the 31st Real-Time Systems Symposium},
 year = {pages 3-13, 2010},
 isbn = {},
 pages = {},
 doi = {},
 publisher = {},
 address = {},
 }
 
@InProceedings{Liu7,
 author = {C. Liu and J. Anderson},
 title = {Supporting Graph-Based Real-Time Applications in Distributed Systems},
 booktitle = {Proceedings of the 17th IEEE International Conference on Embedded and Real-Time Computing Systems and Applications},
 year = {pages 143-152, 2011},
 isbn = {},
 pages = {},
 doi = {},
 publisher = {},
 address = {},
 }  

 
 @InProceedings{Liu9,
 author = {C. Liu and J. Anderson},
 title = {A New Technique for Analyzing Soft Real-Time Self-Suspending Task Systems},
 booktitle = {ACM SIGBED Review},
 year = {pages 29-32, 2012},
 isbn = {},
 pages = {},
 doi = {},
 publisher = {},
 address = {},
 }  
 
  @InProceedings{Liu10,
 author = {C. Liu and J. Anderson},
 title = {Supporting Soft Real-Time Parallel Applications on Multicore Processors},
 booktitle = {Proceedings of the 18th IEEE International Conference on Embedded and Real-Time Computing Systems and Applications},
 year = {pages 114-123, 2012. \textbf{Best Papers}},
 isbn = {},
 pages = {},
 doi = {},
 publisher = {},
 address = {},
 }  
 
   @InProceedings{Liu11,
 author = {C. Liu and J. Anderson},
 title = "{An {$O(m)$} analysis technique for supporting real-time self-suspending task systems}",
 booktitle = {Proceedings of the 33th IEEE Real-Time Systems Symposium},
 year = {pages 373-382, 2012},
 isbn = {},
 pages = {},
 doi = {},
 publisher = {},
 address = {},
 }  

 @InProceedings{Liu12,
 author = {C. Liu and J. Li and W. Huang and J. Rubio and E. Speight and X. Lin},
 title = {Power-Efficient Time-Sensitive Mapping in {CPU}/{GPU} Heterogeneous Systems},
 booktitle = {Proceedings of the 21st International Conference on Parallel Architectures and Compilation Techniques},
 year = {pages 23-32, 2012},
 isbn = {},
 pages = {},
 doi = {},
 publisher = {},
 address = {},
 }  

  @InProceedings{Liu13,
 author = {C. Liu and J. Anderson},
 title = {Multiprocessor Schedulability Analysis for Self-Suspending Task Systems},
 booktitle = {Proceedings of the 24th Euromicro Conference on Real-Time Systems},
 volume = {},
 number = {},
 year = {2013},
 issn = {},
 pages = {},
 publisher = {},
 address = {},
 } 

%%%%%%%%%%%%%
%*Computation offloading*

@article{Dinh:2011,
 author = {H.T. Dinh and C. Lee and D. Niyato and P. Wang},
 title = {A survey of mobile cloud computing: architecture, applications, and approaches},
 booktitle = {Wireless Communications and Mobile Computing},
year = {2001},
volume = {},
number = {},
pages = {},
} 

@INCOLLECTION{Soyata:2013,
	AUTHOR		= "T. Soyata and H. Ba and W. Heinzelman and M. Kwon and J. Shi",
	TITLE		= "Accelerating Mobile Cloud Computing: A Survey",
	BOOKTITLE	= "Communication Infrastructures for Cloud Computing",
	PUBLISHER	= "IGI Global",
	YEAR		= "2013"
	ADDRESS		= "Hershey, PA, USA",
	PAGES		= "175-197",
	CHAPTER		= "8",
	EDITOR		= "H. T. Mouftah and B. Kantarci"}

@article{Abolfazli:2013,
  author    = {S. Abolfazli and
               Z. Sanaei and
               E. Ahmed and
               A. Gani and
               R. Buyya},
  title     = {Cloud-Based Augmentation for Mobile Devices: Motivation,
               Taxonomies, and Open Challenges},
  journal   = {CoRR},
  volume    = {abs/1306.4956},
  year      = {2013},
  ee        = {http://arxiv.org/abs/1306.4956},
  bibsource = {DBLP, http://dblp.uni-trier.de}
}

%%%%%%%%%%%%%
%*Cache and memory paritioning schemes*

@inproceedings{ward2013outstanding,
  title={Making Shared Caches More Predictable on Multicore Platforms},
  author={Ward, B. and Herman, J. and Kenna, C. and Anderson, J.},
  booktitle={Proceedings of the 25th Euromicro Conference on Real-Time Systems},
  pages={157--167},
  year={2013},
  organization={}
}

@inproceedings{suhendra2008exploring,
  title={Exploring locking \& partitioning for predictable shared caches on multi-cores},
  author={Suhendra, V. and Mitra, T.},
  booktitle={Proceedings of the 45th annual Design Automation Conference},
  pages={300--303},
  year={2008},
  organization={ }
}

@inproceedings{guan2009cache,
  title={Cache-aware scheduling and analysis for multicores},
  author={Guan, Nan and Stigge, Martin and Yi, Wang and Yu, Ge},
  booktitle={Proceedings of the 7th ACM international conference on Embedded software},
  pages={245--254},
  year={2009},
  organization={ }
}

@inproceedings{taylor1990tlb,
  title={The TLB slice: a low-cost high-speed address translation mechanism},
  author={Taylor, G. and Davies, P. and Farmwald, M.},
  booktitle={ACM SIGARCH Computer Architecture News},
  volume={18},
  number={2SI},
  pages={355--363},
  year={1990},
  organization={ }
}

@inproceedings{hardy2009using,
  title={Using bypass to tighten WCET estimates for multi-core processors with shared instruction caches},
  author={Hardy, D. and Piquet, T. and Puaut, I.},
  booktitle={Proceedings of the 30th IEEE Real-Time Systems Symposium},
  pages={68--77},
  year={2009},
  organization={}
}

@inproceedings{zhuravlev2010addressing,
  title={Addressing shared resource contention in multicore processors via scheduling},
  author={Zhuravlev, S. and Blagodurov, S. and Fedorova, A.},
  booktitle={ACM SIGARCH Computer Architecture News},
  volume={38},
  number={1},
  pages={129--142},
  year={2010},
  organization={ }
}


%memory
@inproceedings{yun2013memguard,
  title={MemGuard: Memory bandwidth reservation system for efficient performance isolation in multi-core platforms},
  author={Yun, H. and Yao, G. and Pellizzoni, R. and Caccamo, M. and Sha, L.},
  booktitle={Proceedings of the 19th IEEE Real-Time and Embedded Technology and Applications Symposium},
  pages={55--64},
  year={2013},
  organization={}
}

@inproceedings{yun2014palloc,
  title={{PALLOC: DRAM Bank-Aware Memory Allocator for Performance Isolation on Multicore Platforms}},
  author={Yun, H. and Mancuso, R. and Wu, Z. and Pellizzoni, R.},
  booktitle={Proceedings of the 20th IEEE Real-Time and Embedded Technology and Applications Symposium, to appear},
  year={2014}
}

@inproceedings{reineke2011pret,
  title={{PRET DRAM controller: Bank privatization for predictability and temporal isolation}},
  author={Reineke, J. and Liu, I. and Patel, H. and Kim, S. and Lee, E.},
  booktitle={Proceedings of the 7th IEEE/ACM/IFIP international conference on Hardware/software codesign and system synthesis},
  pages={99--108},
  year={2011},
  organization={ }
}

%%%%%%%%%%%%%
%*Suspension other ppl*

@InProceedings{Kim:2013,
 author = {Kim, J. and Andersson, B. and de Niz, D. and Rajkumar, R.},
 title = {Segment-Fixed Priority Scheduling for Self-Suspending Real-Time Tasks},
 booktitle = {Proceedings of the 34th IEEE Real-Time Systems Symposium},
 year = {2013},
 pages = {246--257},
 }

@InProceedings{Ridouard2004,
 author = {Ridouard,, F. and Richard,, P. and Cottet,, F.},
 title = {Negative Results for Scheduling Independent Hard Real-Time Tasks with Self-Suspensions},
 booktitle = {Proceedings of the 25th IEEE Real-Time Systems Symposium},
 volume = {},
 number = {},
 year = {pages 47-56, 2004},
 issn = {},
 pages = {},
 publisher = {},
 address = {},
 }
 
@InProceedings{LiuRTSS14a,
 author = {C. Liu and J. Chen},
 title = {Bursty-Interference Analysis Techniques for Analyzing Complex Real-Time Task Models},
 booktitle = {},
 volume = {},
 number = {},
 year = {http://www.utdallas.edu/$\sim$cong/RTSS14a.pdf, under review, 2014},
 issn = {},
 pages = {},
 publisher = {},
 address = {},
 } 
 
 @InProceedings{LiuRTSS14b,
 author = {J. Chen and C. Liu},
 title = {Fixed-Relative-Deadline Scheduling of Hard Real-Time Tasks with Self-Suspensions},
 booktitle = {},
 volume = {},
 number = {},
 year = {http://www.utdallas.edu/$\sim$cong/RTSS14b.pdf, under review, 2014},
 issn = {},
 pages = {},
 publisher = {},
 address = {},
 } 

@InProceedings{LiuECRTS14,
 author = {C. Liu and J. Chen and L. He and Y. Gu},
 title = {Techniques for Analyzing Hard Real-Time Avionics Workloads with Self-Suspensions},
 booktitle = {26th Euromicro Conference on Real-Time Systems},
 volume = {},
 number = {},
 year = {to appear, 2014},
 issn = {},
 pages = {},
 publisher = {},
 address = {},
 } 
 
@InProceedings{Tong14a,
 author = {G. Tong and C. Liu},
 title = {Supporting Soft Real-Time Sporadic Task Systems on Heterogeneous Multiprocessors with No Uilitzation Loss},
 booktitle = {Technical Report, University of Texas at Dallas},
 volume = {},
 number = {},
 year = {http://arxiv.org/pdf/1405.7322v1.pdf, Spring, 2014},
 issn = {},
 pages = {},
 publisher = {},
 address = {},
 } 
 
 @inproceedings{zheng2012gmprof,
  title={GMProf: A low-overhead, fine-grained profiling approach for GPU programs},
  author={Zheng, Mai and Ravi, Vignesh T and Ma, Wenjing and Qin, Feng and Agrawal, Gagan},
  booktitle={Proceedings of the 19th International Conference on High Performance Computing},
  pages={1--10},
  year={2012},
  organization={IEEE}
}

@article{coutinho2013profiling,
  title={Profiling divergences in GPU applications},
  author={Coutinho, Bruno and Sampaio, Diogo and Pereira, Fernando MQ and Meira, Wagner},
  journal={Concurrency and Computation: Practice and Experience},
  volume={25},
  number={6},
  pages={775--789},
  year={2013},
  publisher={Wiley Online Library}
}
 
 @InProceedings{Tong14b,
 author = {G. Tong and C. Liu},
 title = {Supporting Read/Write Applications in Embedded Real-time Systems via Suspension-aware Analysis},
 booktitle = {Proceedings of the 14th ACM International Conference on Embedded Software},
 number = {},
 year = {2014},
 issn = {},
 pages = {},
 publisher = {},
 address = {},
 } 
 
  @InProceedings{Zhou2014a,
 author = {H. Zhou and C. Liu},
 title = {Task Mapping in Heterogeneous Embedded Systems for Fast Completion Time},
 booktitle = {Proceedings of the 14th ACM International Conference on Embedded Software},
 volume = {},
 number = {},
 year = {to appear, 2014},
 issn = {},
 pages = {},
 publisher = {},
 address = {},
 } 
 
@inproceedings{bakhoda2009analyzing,
  title={Analyzing CUDA workloads using a detailed GPU simulator},
  author={Bakhoda, Ali and Yuan, George L and Fung, Wilson WL and Wong, Henry and Aamodt, Tor M},
  booktitle={Proceedings of the IEEE International Symposium on Performance Analysis of Systems and Software},
  pages={163--174},
  year={2009},
  organization={IEEE}
}



