@inproceedings{muthukaruppan2014price,
  title={Price theory based power management for heterogeneous multi-cores.},
  author={Muthukaruppan, Thannirmalai Somu and Pathania, Anuj and Mitra, Tulika},
  booktitle={ASPLOS},
  pages={161--176},
  year={2014}
}

@inproceedings{elliott2011real,
  title={Real-world constraints of GPUs in real-time systems},
  author={Elliott, Glenn A and Anderson, James H},
  booktitle={17th IEEE International Conference on Embedded and Real-Time Computing Systems and Applications},
  pages={48--54},
  year={2011},
  organization={IEEE}
}

@inproceedings{kim2015fair,
  title={Fair-share Scheduling for Performance-asymmetric Multicore Architecture via Scaled Virtual Runtime},
  author={Kim, Myungsun and Noh, Soonhyun and Huh, Sungju and Hong, Seongsoo},
  booktitle={Embedded and Real-Time Computing Systems and Applications (RTCSA), 2015 IEEE 21st International Conference on},
  pages={60--69},
  year={2015},
  organization={IEEE}
}

@inproceedings{kim2014utilization,
  title={Utilization-aware load balancing for the energy efficient operation of the big. LITTLE processor},
  author={Kim, Myungsun and Kim, Kibeom and Geraci, James R and Hong, Seongsoo},
  booktitle={Proceedings of the conference on Design, Automation \& Test in Europe},
  pages={223},
  year={2014},
  organization={European Design and Automation Association}
}

@inproceedings{pathania2015power,
  title={Power management for mobile games on asymmetric multi-cores},
  author={Pathania, Anuj and Pagani, Santiago and Shafique, Muhammad and Henkel, Jorg},
  booktitle={Low Power Electronics and Design (ISLPED), 2015 IEEE/ACM International Symposium on},
  pages={243--248},
  year={2015},
  organization={IEEE}
}

@article{chen2014adaptive,
  title={Adaptive workload-aware task scheduling for single-ISA asymmetric multicore architectures},
  author={Chen, Quan and Guo, Minyi},
  journal={ACM Transactions on Architecture and Code Optimization (TACO)},
  volume={11},
  number={1},
  pages={8},
  year={2014},
  publisher={ACM}
}

@inproceedings{muck2015run,
  title={Run-DMC: runtime dynamic heterogeneous multicore performance and power estimation for energy efficiency},
  author={M{\"u}ck, Tiago and Sarma, Santanu and Dutt, Nikil},
  booktitle={Proceedings of the 10th International Conference on Hardware/Software Codesign and System Synthesis},
  pages={173--182},
  year={2015},
  organization={IEEE Press}
}

@article{sarma2015smartbalance,
  title={SmartBalance: A Sensing-Driven Linux Load Balancer for Energy Efficiency of Heterogeneous MPSoCs},
  author={Sarma, Santanu and Muck, T and Bathen, Luis AD and Dutt, N and Nicolau, A},
  year={2015}
}

@inproceedings{lin2014energy,
  title={An energy-efficient hypervisor scheduler for asymmetric multi-core},
  author={Lin, Ching-Chi and Chang, Chao-Jui and Syu, You-Cheng and Wu, Jan-Jan and Liu, Pangfeng and Cheng, Po-Wen and Hsu, Wei-Te},
  booktitle={Consumer Electronics (GCCE), 2014 IEEE 3rd Global Conference on},
  pages={507--509},
  year={2014},
  organization={IEEE}
}

@inproceedings{tan2015approximation,
  title={Approximation-aware scheduling on heterogeneous multi-core architectures},
  author={Tan, Cheng and Muthukaruppan, Thannirmalai Somu and Mitra, Tulika and Ju, Lei},
  booktitle={Design Automation Conference (ASP-DAC), 2015 20th Asia and South Pacific},
  pages={618--623},
  year={2015},
  organization={IEEE}
}

@article{elewi2014energy,
  title={Energy-efficient task allocation techniques for asymmetric multiprocessor embedded systems},
  author={Elewi, Abdullah and Shalan, Mohamed and Awadalla, Medhat and Saad, Elsayed M},
  journal={ACM Transactions on Embedded Computing Systems (TECS)},
  volume={13},
  number={2s},
  pages={71},
  year={2014},
  publisher={ACM}
}

@inproceedings{annamalai2014reducing,
  title={Reducing Energy per Instruction via Dynamic Resource Allocation and Voltage and Frequency Adaptation in Asymmetric Multicores},
  author={Annamalai, Arunachalam and Rodrigues, Rodrigo and Koren, Israel and Kundu, Sandipan},
  booktitle={VLSI (ISVLSI), 2014 IEEE Computer Society Annual Symposium on},
  pages={436--441},
  year={2014},
  organization={IEEE}
}

@article{yavits2014effect,
  title={The effect of communication and synchronization on Amdahl’s law in multicore systems},
  author={Yavits, Leonid and Morad, Amir and Ginosar, Ran},
  journal={Parallel Computing},
  volume={40},
  number={1},
  pages={1--16},
  year={2014},
  publisher={Elsevier}
}

@inproceedings{beaumont2014analysis,
  title={Analysis of dynamic scheduling strategies for matrix multiplication on heterogeneous platforms},
  author={Beaumont, Olivier and Marchal, Loris},
  booktitle={Proceedings of the 23rd international symposium on High-performance parallel and distributed computing},
  pages={141--152},
  year={2014},
  organization={ACM}
}

@inproceedings{gutierrez2014evaluating,
  title={Evaluating private vs. shared last-level caches for energy efficiency in asymmetric multi-cores},
  author={Gutierrez, Alvaro and Dreslinski, Ronald G and Mudge, Trevor},
  booktitle={Embedded Computer Systems: Architectures, Modeling, and Simulation (SAMOS XIV), 2014 International Conference on},
  pages={191--198},
  year={2014},
  organization={IEEE}
}

@article{ding2014efficient,
  title={An efficient and comprehensive scheduler on asymmetric multicore architecture systems},
  author={Ding, Jiun-Hung and Chang, Ya-Ting and Guo, Zhou-dong and Li, Kuan-Ching and Chung, Yeh-Ching},
  journal={Journal of Systems Architecture},
  volume={60},
  number={3},
  pages={305--314},
  year={2014},
  publisher={Elsevier}
}

@inproceedings{hahnel2014heterogeneity,
  title={Heterogeneity by the numbers: A study of the ODROID XU+ E big. LITTLE platform},
  author={H{\"a}hnel, Marcus and H{\"a}rtig, Hermann},
  booktitle={Proceedings of the 6th USENIX conference on Power-Aware Computing and Systems},
  pages={3--3},
  year={2014},
  organization={USENIX Association}
}

@article{cho2012benefits,
  title={Benefits of the big. LITTLE Architecture},
  author={Cho, HyunDuk and Engineer, Ph D Principal and Chung, Kisuk and Kim, Taehoon},
  journal={EETimes, Feb},
  year={2012}
}

@misc{bigLITTLEGTS,
  title = "big.LITTLE Technology Moves Towards Fully Heterogeneous Global Task Scheduling",
  key = "big.LITTLE GTS",
  note = "\url{https://www.arm.com/files/pdf/big\textunderscore{ }LITTLE\textunderscore{ }technology\textunderscore{ }moves\textunderscore{ }towards\textunderscore{ }fully\textunderscore{ }heterogeneous\textunderscore{ }Global\textunderscore{ }Task\textunderscore{ }Scheduling.pdf}"
}

@misc{bigLITTLEFuture,
  title = "big.LITTLE Technology: The Future of Mobile",
  key = "big.LITTLEFuture",
  note = "\url{https://www.arm.com/files/pdf/big\textunderscore{ }LITTLE\textunderscore{ }Technology\textunderscore{ }the\textunderscore{ }Futue\textunderscore{ }of\textunderscore{ }Mobile.pdf}"
}

@article{israelssonenergy,
  title={ENERGY EFFICIENCY ANALYSIS OF ARM BIG. LITTLE GLOBAL TASK SCHEDULING},
  author={Israelsson, Sigurd}
}

@misc{INA231,
  title = "INA231",
  key = "INA231",
  note = "\url{http://www.ti.com/product/ina231}"
}

@misc{ODROIDXU,
  title = "ODROID-XU1",
  key = "ODROID-XU",
  note = "\url{http://www.hardkernel.com/main/products/prdt\textunderscore{ }info.php?g\textunderscore{ }code=G137510300620}"
}

@misc{ARMDS5,
  title = "Streamline Performance Analyzer",
  key = "ARM DS-5",
  note = "\url{http://ds.arm.com/ds-5/optimize/}"
}

@misc{KalEI,
  title = "Kal-EI mobile processor",
  key = "Kal-EI",
  note = "\url{http://www.nvidia.com/content/pdf/tegra\textunderscore{ }white\textunderscore{ }papers/tegra-whitepaper-0911b.pdf}"
}

@misc{VybridController,
  title = "Vybrid Controller",
  key = "Vybrid Controller",
  note = "\url{http://www.freescale.com/products/arm-processors/vfxxx-controller:VYBRID?uc=true\&lang\textunderscore{ }cd=en}"
}
